<?xml version="1.0" encoding="UTF-8"?><collection xmlns="http://www.loc.gov/MARC21/slim"><record><leader>00383nam--2200145-i-4500</leader><controlfield tag="001">000015612</controlfield><controlfield tag="002">20161230</controlfield><controlfield tag="005">20170123233011</controlfield><controlfield tag="008">060222s1000------------r-----000-0-eng-d</controlfield><datafield ind1=" " ind2=" " tag="245"><subfield code="a">Neutron radiography. Proceedings ..</subfield></datafield><datafield ind1=" " ind2=" " tag="260"><subfield code="a">Dordrecht</subfield><subfield code="b">D.Reidel Publishing Company</subfield><subfield code="c">1983</subfield></datafield><datafield ind1=" " ind2=" " tag="300"><subfield code="a">XVII + 1072 p</subfield></datafield><datafield ind1=" " ind2=" " tag="700"><subfield code="a">Barton, John P</subfield></datafield><datafield ind1=" " ind2=" " tag="852"><subfield code="a">73163</subfield></datafield><datafield ind1=" " ind2=" " tag="CAT"><subfield code="a">SYS</subfield><subfield code="c">20170123</subfield><subfield code="h">233011</subfield></datafield></record></collection>